%
% references.bib -- Bibliography file for the paper autotune
%
% (c) 2020 Autor, Hochschule Rapperswil
%

@book{autotune:digitalAudioEffects,
	title = {DAFX: Digital Audio Effects},
	author = {Udo Zölzer},
	publisher = {John Wiley \& Sons, Ltd.},
	year = {2011},
	isbn = {978-0-470-66599-2},
	volume = {2}
}

@article{autotune:f0EstimationForTheElectricGuitar,
        author = {Christhian Fonseca and Tiago Tavares},
        title = {Low-Latency $f_0$ Estimation for the Finger Plucked Electric Bass Guitar Using the Absolute Difference Function},
        journal = {Revista de Informática Teórica e Aplicada - RITA},
        year = 2020,
		volume = {27},
        pages = {1--16},
        url = {http://doi.org/10.22456/2175-2745.103182}
}

@article{autotune:operationOfThePhaseVocoder,
        author = {Richard Dobson},
        title = {The Operation of the Phase Vocoder},
        journal = {Composers' Desktop Project (CDP)},
        year = 1993,
        pages = {1--15},
        url = {https://www.rwdobson.com/}
}

@article{autotune:allPollEstimationOfVocalTract,
        author = {Luis Weruaga and Amar Al-Khayat},
        title = {All-Pole Model Estimation of Vocal Tract on the Frequency Domain},
        journal = {Interspeech 2006 - ICSLP},
        year = 2006,
        pages = {1000--1004},
        url = {https://doi.org/10.21437/Interspeech.2006-325}
}

@article{autotune:phaseVocoderTheroyAndPractice,
        author = {Rajmil Fischman},
        title = {The phase vocoder: theory and practice},
        journal = {Organized Sound Journal},
        year = 1997,
        pages = {127--145},
        url = {https://doi.org/10.1017/S1355771897009060}
}

@online{autotune:audioExampleChipmunkEffect,
	title = {Audiobeispiel Chipmunk-Effekt},
	url = {https://mathsem.ch/jahre/2023/autotune/chipmunk.mp3},
	date = {2023-08-26},
	year = {2023},
	month = {8},
	day = {26}
}

@online{autotune:audioExamplePitchShiftingWithoutFormantPreservation,
	title = {Audiobeispiel Pitch-Shifting ohne Formantenerhaltung},
	url = {https://mathsem.ch/jahre/2023/autotune/pitchshiftwithoutformantpreservation.mp3},
	date = {2023-08-26},
	year = {2023},
	month = {8},
	day = {26}
}

@online{autotune:audioExamplePitchShiftingWithFormantPreservation,
	title = {Audiobeispiel Pitch-Shifting mit Formantenerhaltung},
	url = {https://mathsem.ch/jahre/2023/autotune/pitchshiftwithformantpreservation.mp3},
	date = {2023-08-26},
	year = {2023},
	month = {8},
	day = {26}
}

@online{autotune:audioExampleReconstructionArtefacts,
	title = {Audiobeispiel Rekonstruktion mit Artefakten},
	url = {https://mathsem.ch/jahre/2023/autotune/reconstructionartefacts.mp3},
	date = {2023-08-26},
	year = {2023},
	month = {8},
	day = {26}
}
