
@misc{condensate_radon_2020,
	title = {Radon {Transform} and {Central} {Slice} {Theorem} in {Computed} {Tomography}},
	url = {https://physicscondensate.com/2020/09/15/radon-transform-and-central-slice-theorem-in-computed-tomography/},
	abstract = {Author: Paul Severino Imaging a Cursed Box Imagine you are given a mysterious box, and you are dying to know what is inside. It could very well be empty, but it could contain enough cash to pay off…},
	urldate = {2023-08-10},
	author = {Condensate, Physics},
	month = sep,
	year = {2020},
}

@book{feeman_mathematics_2015,
	address = {Cham Heidelberg New York Dordrecht London},
	edition = {Second edition},
	series = {Springer undergraduate texts in mathematics and technology},
	title = {The mathematics of medical imaging: a beginner's guide},
	isbn = {978-3-319-22664-4},
	shorttitle = {The mathematics of medical imaging},
	language = {eng},
	publisher = {Springer},
	author = {Feeman, Timothy G.},
	year = {2015},
	file = {The Mathematics of Medical Imaging.pdf:/Users/nathanhoffman/Zotero/storage/3MLAK6QA/The Mathematics of Medical Imaging.pdf:application/pdf},
}

@misc{doccheck_hounsfield-skala_nodate,
	title = {Hounsfield-{Skala}},
	url = {https://flexikon.doccheck.com/de/Hounsfield-Skala},
	abstract = {Die Hounsfield-Skala beschreibt die Abschwächung der Röntgenstrahlung (Röntgenopazität) in verschiedenen Gewebetypen in der Computertomographie...},
	language = {de},
	urldate = {2023-09-05},
	journal = {DocCheck Flexikon},
	author = {DocCheck, Medizinexpert*innen bei},
	file = {Snapshot:/Users/nathanhoffman/Zotero/storage/223ZCXJR/Hounsfield-Skala.html:text/html},
}
