%
% references.bib -- Bibliography file for the paper brown
%
% (c) 2023 Lukas Reitemeier, Hochschule Rapperswil
%

@article{brown:lawrenceIntroduction,
        author = { Lawrence C. Evans },
        title = { An Introduction to Stochastic Diffenetial Equations },
        journal = { Script at UC Berkely},
        year = 2019,
        volume = 47,
        pages = {607--627},
        url = {https://doi.org/10.1016/j.acha.2017.11.004}
}

@book{brown:Differenzialgleichungen,
	title = {Differenzialgleichungen},
	author = {Andreas MÃ¼ller},
	publisher = {American Mathematical Society},
	year = {2002},
	isbn = {978-8-8218-4788-6},
	inseries = {Pure and applied undegraduate texts},
	volume = {2}
}
