%
% references.bib -- Bibliography file for the paper spektral
%
% (c) 2020 Dmitri Grigoriev, Hochschule Rapperswil
%
@book{spektral:NumericalWeatherPrediction,
	title = {{Numerical Weather Prediction}},
	author = {Lynch, Peter},
	publisher = {Cambridge},
	year = {2006},
	isbn = {978-1-107-41483-9}
}

@book{spektral:DynamicMeteorologie,
	title = {Dynamic Meteorologie},
	author = {Holton, R. James and Hakim, Gergory J.},
	publisher = {Academic Press is an imprint of Elsevier},
	year = {2013},
	isbn = {978-0-12-384866-6}
}

@book{spektral:DynamicOfTheAtmosphere,
	title = {{Dynamic of the Atmosphere}},
	author = {Zdunkowski, Wilford and Bott, Andreas},
	publisher = {Cambridge},
	year = {2003},
	isbn = {978-0-521-00666-8}
}

@book{spektral:NichtkommutativeBildvearbeitung,
	title = {{Nichtkommutative Bildverarbeitung}},
	author = {Méndez, Tabea},
	publisher = {},
	year = {2016},
	isbn = {978-3-033-05830-9}
}

@online{spektral:QuantenmechanikMathemathischesSeminar,
	title = {{Quantenmechanik. Mathematisches Seminar}},
	url = {https://github.com/AndreasFMueller/SeminarQM},
	year = {2015},
	author = {Andreas M"uller}
}

@book{spektral:MathsemSpezfunk,
    title = {{Mathematisches Seminar Spezielle Funktionen}},
    author = {Andreas M"uller and others},
    year = {2022},
}

@online{spektral:ezmw,
	title = {{Europ"aisches Zentrum f"ur mittelfristige Wettervorhersage}},
	url = {https://de.wikipedia.org/wiki/Europäisches_Zentrum_für_mittelfristige_Wettervorhersage}
}
}