%
% references.bib -- Bibliography file for the paper mellin
%
% (c) 2020 Autor, Hochschule Rapperswil
%

@online{mellin:bibtex,
	title = {BibTeX},
	url = {https://de.wikipedia.org/wiki/BibTeX},
	date = {2020-02-06},
	year = {2020},
	month = {2},
	day = {6}
}

@online{mellin:mellin-wikipedia,
	title = {Mellin transform},
	url = {https://en.wikipedia.org/wiki/Mellin_transform},
	date = {2023-08-08},
	year = {2023},
	month = {8},
	day = {8}
}

@book{mellin:mellin-transform-method,
	title = {Mellin-Transform Method for Integral Evaluation},
	author = {George Fikioris},
	publisher = {Springer Cham},
	year = {2022},
	isbn = {978-3-031-01697-4},
	inseries = {Synthesis Lectures on Computational Electromagnetics},
	volume = {2}
}

@book{mellin:mendezmueller-book,
	title = {Nichtkommutative Bildverarbeitung},
	author = {Tabea Méndez},
	year = {2016},
	isbn = {978-3-033-05830-9},
}

@article{mellin:mendezmueller,
        author = { Tabea Méndez and Andreas Müller },
        title = { Noncommutative harmonic analysis and image registration },
        journal = { Appl. Comput. Harmon. Anal.},
        year = 2019,
        volume = 47,
        pages = {607--627},
        url = {https://doi.org/10.1016/j.acha.2017.11.004}
}

