%
% references.bib -- Bibliography file for the paper gezeiten
%
% (c) 2020 Autor, Hochschule Rapperswil
%
\cite
@online{gezeiten:Yoke,
	title = {Scotch Yoke},
	url = {https://en.m.wikipedia.org/wiki/File:099-tmpshaft.jpg},
	date = {2023-09-14},
	year = {2023},
	month = {9},
	day = {14}
}

@online{gezeiten:Thompson,
	title = {Thompson Skizze},
	url = {https://commons.wikimedia.org/wiki/File:099-tpm3-sk.jpg},
	date = {2023-09-14},
	year = {2023},
	month = {9},
	day = {14}
}

@online{gezeiten:KugelScheibenIntegrator,
	title = {Kugel Scheiben Integrator},
	url = {https://en.wikipedia.org/wiki/Ball-and-disk_integrator},
	date = {2023-09-14},
	year = {2023},
	month = {9},
	day = {14}
}


@book{gezeiten:numerical-analysis,
	title = {Numerical Analysis},
	author = {David Kincaid and Ward Cheney},
	publisher = {American Mathematical Society},
	year = {2002},
	isbn = {978-8-8218-4788-6},
	inseries = {Pure and applied undegraduate texts},
	volume = {2}
}

@article{gezeiten:mendezmueller,
        author = { Tabea Méndez and Andreas Müller },
        title = { Noncommutative harmonic analysis and image registration },
        journal = { Appl. Comput. Harmon. Anal.},
        year = 2019,
        volume = 47,
        pages = {607--627},
        url = {https://doi.org/10.1016/j.acha.2017.11.004}
}

