%
% references.bib -- Bibliography file for the paper sonogramm
%
% (c) 2020 Autor, Hochschule Rapperswil
%

@online{sonogramm:wikiWin,
	title = {Fensterfunktion – Wikipedia},
	url = {https://de.wikipedia.org/wiki/Fensterfunktion},
	date = {2023-08-20},
	year = {2023},
	month = {8},
	day = {20}
}

@book{sonogramm:bronstein,
	title = {Taschenbuch Der Mathematik},
	author = {Heiner Mühlig and Gerhard Musiol and Konstantin A. and Semendjajew and Ilja N. Bronstein},
	publisher = {Europa Lehrmittel},
	year = {2016},
	isbn = {978-3-8085-5789-1},
	volume = {10}
}

@book{sonogramm:numerical-analysis,
	title = {Taschenbuch Der Mathematik},
	author = {David Kincaid and Ward Cheney},
	publisher = {American Mathematical Society},
	year = {2002},
	isbn = {978-8-8218-4788-6},
	inseries = {Pure and applied undegraduate texts},
	volume = {2}
}

@book{sonogramm:NAT,
	title = {Nachrichtentechnik 1 + 2},
	author = {Thomas Kneubühler},
	publisher = {None},
	year = {2021},
	isbn = {},
	inseries = {Script for students},
	volume = {}
}

@book{sonogramm:digsig,
author = {Orfanidis, Sophocles J.},
title = {Introduction to Signal Processing},
year = {1995},
isbn = {0132091720},
publisher = {Prentice-Hall, Inc.},
address = {USA}
}


