%
% references.bib -- Bibliography file for the paper milankovic
%
% (c) 2020 Autor, Hochschule Rapperswil
%

@online{milankovic:bibtex,
	title = {BibTeX},
	url = {https://de.wikipedia.org/wiki/BibTeX},
	date = {2020-02-06},
	year = {2020},
	month = {2},
	day = {6}
}

@book{milankovic:numerical-analysis,
	title = {Numerical Analysis},
	author = {David Kincaid and Ward Cheney},
	publisher = {American Mathematical Society},
	year = {2002},
	isbn = {978-8-8218-4788-6},
	inseries = {Pure and applied undegraduate texts},
	volume = {2}
}

@article{milankovic:mendezmueller,
        author = { Tabea Méndez and Andreas Müller },
        title = { Noncommutative harmonic analysis and image registration },
        journal = { Appl. Comput. Harmon. Anal.},
        year = 2019,
        volume = 47,
        pages = {607--627},
        url = {https://doi.org/10.1016/j.acha.2017.11.004}
}

@online{milankovic:vo.imcce.fr,
	subtitle = {A new orbital solution for the long-term motion of the Earth},
	author = {J. Laskar and A. Fienga and M. Gastineau and H. Manche},
	url = {http://vo.imcce.fr/insola/earth/online/earth/earth.html},
	DAY = 08,
	MONTH = {mars},
	YEAR = 2011
}

@book{milankovic:Klimate-der-geologischen-Vorzeit,
	title = {The climates of the geological past},
	author = {Wladimir Köppen and Alfred Wegener},
	publisher = {Borntraeger Science Publishers},
	year = {2015},
	isbn = {978-3-443-01088-1},
	inseries = {Pure and applied texts}
}

@online{milankovic:Übersicht-Milankovic-Zyklen,
	subtitle = {Ja, es ist wirklich der Mensch -- Teil 2},
	author = {Michael Kühl, Klimaandmore},
	url = {https://klimaandmore.de/?p=2754},
	DAY = 26,
	MONTH = {february},
	YEAR = 2020
}
