%
% references.bib -- Bibliography file for the paper wavelets
%
% (c) 2020 Autor, Hochschule Rapperswil
%

@book{wavelets:AndreasMuller.2019,
	title = {Mathematisches Seminar: Wavelets},
	author = {Andreas Müller and Andreas Müller and Julian Bärtschi and  Jonas Gründler and  Dominic Hüppi and  Raphael Nestler and  Hansruedi Patzen and  Cedric Renda and  Michael Schmid and  Roy Seitz and  Manuel Tischhauser and  Nicolas Tobler and  Raphael Unterer and  Kris Wyss},
	publisher = {Andreas Müller},
	year = {2019},
	isbn = {},
	inseries = {},
	volume = {}
}

@book{wavelets:Baleanu.2015,
	title = {Wavelet Transform and Some of Its Real-World Applications},
	author = {Baleanu Dumitru},
	publisher = {InTech},
	year = {2015},
	isbn = {978-953-51-2230-2},
	inseries = {},
	volume = {}
}

@book{wavelets:Hayes.1996,
	title = {Statistical digital signal processing and modeling},
	author = {Hayes M. H.},
	publisher = {John Wiley},
	year = {1996},
	isbn = {978-8126516100},
	inseries = {},
	volume = {}
}

@article{wavelets:Haider.2015,
        author = {Haider Ijlal and Shahbaz Muhammad and Abdullah Muhammad and Nazim Muhammad},
        title = {Feature extraction for identification of extension and flexion movement of wrist using EMG signals},
        journal = {2015 IEEE 28th Canadian Conference on Electrical and Computer Engineering (CCECE)},
        year = 2015,
        pages = {792--795},
        url = {https://www.researchgate.net/figure/Four-Level-Wavelet-Decomposition_fig1_281931476}
}

@online{wavelets:H.Burkhardt.2020,
	title = {Kap. 7: Wavelets: Die kontinuierlicheWavelet-Transformation (WT)},
	url = {https://lmb.informatik.uni-freiburg.de/lectures/old_lmb/bildverarbeitung/DBV-I_Kap7.pdf},
	date = {2023-09-11},
	year = {2023},
	month = {9},
	day = {11}
}

@online{wavelets:J.Mayer.2002,
	title = {WAVELETS: Ein neues Werkzeug in der digitalen Signal- und Bildanalyse},
	url = {http://dodo.fb06.fh-muenchen.de/maier/Wavelet-Transformation.pdf},
	date = {2023-09-11},
	year = {2023},
	month = {9},
	day = {11}
}

@online{wavelets:QingkaiKong,
	title = {Python Programming And Numerical Methods: A Guide ForEngineers And Scientists},
	url = {https://pythonnumericalmethods.berkeley.edu/_images/24.02.02-time_frequency.png},
	date = {2023-09-11},
	year = {2023},
	month = {9},
	day = {11}
}

@online{wavelets:Wikipedia,
	title = {Morlet wavelet},
	url = {https://en.wikipedia.org/wiki/Morlet_wavelet},
	date = {2023-09-11},
	year = {2023},
	month = {9},
	day = {11}
}
