%
% references.bib
%
% (c) 2020 Prof Dr Andreas Müller, Hochschule Rapperswil
%


@book{buch:mathsem-dgl,
	title = {Mathematisches Seminar Differentialgleichungen},
	author = { Andreas M"uller and others },
	year = {2016},
}

@online{buch:repo,
	subtitle = {Source Code Repository},
	author = {Andreas Müller},
	url = {https://github.com/AndreasFMueller/SeminarHarmonischeAnalysis.git},
	DAY = 6,
	MONTH = {february},
	YEAR = 2022
}

@online{buch:library:gsl,
	title = {GNU scientific library},
	version = {2.7},
	year = 2021,
	month = 6,
	day = 1
}

