%
% references.bib -- Bibliography file for the paper jpeg
%
% (c) 2023 Jakob Gierer, Hochschule Rapperswil
%

@online{jpeg:jpeg,
	title = {JPEG},
	url = {https://de.wikipedia.org/wiki/JPEG},
	date = {2023-05-24},
	year = {2023},
	month = {5},
	day = {24}
}

@online{jpeg:jpeg2000,
	title = {JPEG 2000},
	url = {https://de.wikipedia.org/wiki/JPEG_2000},
	date = {2023-07-20},
	year = {2023},
	month = {7},
	day = {20}
}

@online{jpeg:dct,
	title = {Diskrete Kosinustransformation},
	url = {https://de.wikipedia.org/wiki/Diskrete_Kosinustransformation},
	date = {2022-02-05},
	year = {2022},
	month = {2},
	day = {05}
}

@booklet{jpeg:laurahochstrat,
        author = {Laura Hochstrat},
        title = {Bilddatenkompression mit JPEG und JPEG2000},
        year = 2009,
        pages = {5--13},
        url = {https://www.igpm.rwth-aachen.de/Download/ws0809/SeminarSignalverarbeitung/vortraege/JPEG2000.pdf}
}

@booklet{jpeg:eikemueller,
        author = {Eike Müller},
        title = {Kompression-Algorithmen f¨ur Bilder},
        year = 2013,
        pages = {5--6},
        url = {https://www.mi.fu-berlin.de/fb/service/zdm/lectures/past_digvideo/digvideoss13/Ausarb_Eike-Huff-Wavl-Frak-DCT.pdf}
}

@online{jpeg:entropie,
	title = {Entropiekodierung},
	url = {https://de.wikipedia.org/wiki/Entropiekodierung},
	date = {2023-03-01},
	year = {2023},
	month = {3},
	day = {1}
}

@online{jpeg:accomponentsyoutube,
	title = {Numerical Analysis 11.3.4 JPEG AC Components},
	url = {https://www.youtube.com/watch?v=bnyHJpECCs0},
	date = {2020-04-13},
	year = {2020},
	month = {4},
	day = {13}
}

@online{jpeg:sccomponentyoutube,
	title = {Numerical Analysis 11.3.3 JPEG DC Component},
	url = {https://www.youtube.com/watch?v=h6TjtU1YFO8},
	date = {2020-04-13},
	year = {2020},
	month = {4},
	day = {13}
}

@online{jpeg:dctyoutube,
	title = {JPEG DCT, Discrete Cosine Transform (JPEG Pt2)},
	url = {https://www.youtube.com/watch?v=Q2aEzeMDHMA},
	date = {2015-05-22},
	year = {2015},
	month = {5},
	day = {22}
}

@online{jpeg:problemyoutube,
	title = {The Problem with JPEG},
	url = {https://www.youtube.com/watch?v=yBX8GFqt6GA},
	date = {2015-06-09},
	year = {2015},
	month = {6},
	day = {9}
}

@online{jpeg:bildverarbeitungdctyoutube,
	title = {Bildverarbeitung: Diskrete Cosinus Transformation (DCT)},
	url = {https://www.youtube.com/watch?v=1IFhNYQLXVA},
	date = {2018-04-26},
	year = {2018},
	month = {4},
	day = {26}
}

@online{jpeg:jpeg2000youtube,
	title = {JPEG2000},
	url = {https://www.youtube.com/watch?v=5Wsf17o29f0},
	date = {2020-07-11},
	year = {2020},
	month = {7},
	day = {11}
}